@book{cormen2022algorithms,
  title         = {{Introduction to Algorithms}},
  author        = {Thomas H. Cormen and Charles E. Leiserson and Ronald L.
                  Rivest and Clifford Stein},
  publisher     = {The MIT Press},
  edition       = 4,
  year          = 2022 }